@online{dce,
title = {ns3-dce: Direct Code Execution},
date = {},
howpublished = {\url{http://www.nsnam.org/overview/projects/direct-code-execution/}},
}


@TechReport{TuscDesignDoc,
 author = {Mukundan Sridharan, Anish Arora, Kenneth Parker},
 title = {Tuscarora: A Framework for Neighborhood Serivce and Management in Heterogenous MANETs},
 institution = {The Samraksh Company},
 year = {2014},
 howpublished={Email the authors for a copy of the report}
 }

@online{cmake,
	title = {CMake: An open-source cross-platform family of tools},
	date = {},
	howpublished = {\url{https://cmake.org/}},
}
